@article{bucanek2009model,
  title={Model-view-controller pattern},
  author={Bucanek, James},
  journal={Learn Objective-C for Java Developers},
  pages={353--402},
  year={2009},
  publisher={Springer}
}

@article{qureshi2014comparison,
  title={A comparison of model view controller and model view presenter},
  author={Qureshi, M and Sabir, Fatima},
  journal={arXiv preprint arXiv:1408.5786},
  year={2014}
}

@inproceedings{leff2001web,
  title={Web-application development using the model/view/controller design pattern},
  author={Leff, Avraham and Rayfield, James T},
  booktitle={Proceedings fifth ieee international enterprise distributed object computing conference},
  pages={118--127},
  year={2001},
  organization={IEEE}
}